<record><leader>00000cas a2200000 a 4500</leader><controlfield tag="001">9669640</controlfield><controlfield tag="008">830705d19411971nbuwr ne      0   b0ger d</controlfield><datafield ind1=" " ind2=" " tag="010"><subfield code="a">sn 83045455 </subfield></datafield><datafield ind1=" " ind2=" " tag="040"><subfield code="a">CRL</subfield><subfield code="b">eng</subfield><subfield code="c">CRL</subfield><subfield code="d">MQN</subfield><subfield code="d">NVG</subfield><subfield code="d">OCL</subfield><subfield code="d">OCLCQ</subfield><subfield code="d">OCLCF</subfield><subfield code="d">OCLCO</subfield></datafield><datafield ind1="1" ind2=" " tag="029"><subfield code="a">AU@</subfield><subfield code="b">000025814075</subfield></datafield><datafield ind1=" " ind2=" " tag="042"><subfield code="a">msc</subfield></datafield><datafield ind1=" " ind2=" " tag="043"><subfield code="a">n-us-nb</subfield><subfield code="a">n-us-il</subfield></datafield><datafield ind1="0" ind2="0" tag="245"><subfield code="a">Katholisches Wochenblatt und der Landmann.</subfield></datafield><datafield ind1=" " ind2=" " tag="260"><subfield code="a">Omaha ;</subfield><subfield code="a">Chicago :</subfield><subfield code="b">V. Peter,</subfield><subfield code="c">1941-1971.</subfield></datafield><datafield ind1=" " ind2=" " tag="300"><subfield code="a">30 v. :</subfield><subfield code="b">ill.</subfield></datafield><datafield ind1=" " ind2=" " tag="310"><subfield code="a">Weekly</subfield></datafield><datafield ind1="0" ind2=" " tag="362"><subfield code="a">Jahrg. 82, Nr. 1 (4. Sept. 1941)-111. Jahrg., Nr. 5 (29. Jan. 1971).</subfield></datafield><datafield ind1=" " ind2=" " tag="500"><subfield code="a">"An American newspaper printed in the German language."</subfield></datafield><datafield ind1=" " ind2=" " tag="515"><subfield code="a">Issues for 1941-19. Feb. 1959 also numbered as: Jahrg. 39-56 of the Landmann.</subfield></datafield><datafield ind1=" " ind2=" " tag="580"><subfield code="a">Formed by the union of: Katholisches Wochenblatt, and: Landmann (Milwaukee, Wis.).</subfield></datafield><datafield ind1=" " ind2="0" tag="650"><subfield code="a">Catholics</subfield><subfield code="z">United States</subfield><subfield code="v">Newspapers.</subfield></datafield><datafield ind1=" " ind2="0" tag="650"><subfield code="a">Germans</subfield><subfield code="z">United States</subfield><subfield code="v">Newspapers.</subfield></datafield><datafield ind1=" " ind2="0" tag="650"><subfield code="a">German Americans</subfield><subfield code="v">Newspapers.</subfield></datafield><datafield ind1=" " ind2="0" tag="650"><subfield code="a">German American newspapers.</subfield></datafield><datafield ind1=" " ind2="7" tag="655"><subfield code="a">Newspapers.</subfield><subfield code="2">fast</subfield><subfield code="0">(OCoLC)fst01423814</subfield></datafield><datafield ind1=" " ind2="7" tag="650"><subfield code="a">Catholics.</subfield><subfield code="2">fast</subfield><subfield code="0">(OCoLC)fst00849297</subfield></datafield><datafield ind1=" " ind2="7" tag="650"><subfield code="a">German American newspapers.</subfield><subfield code="2">fast</subfield><subfield code="0">(OCoLC)fst00941297</subfield></datafield><datafield ind1=" " ind2="7" tag="650"><subfield code="a">German Americans.</subfield><subfield code="2">fast</subfield><subfield code="0">(OCoLC)fst00941308</subfield></datafield><datafield ind1=" " ind2="7" tag="650"><subfield code="a">Germans.</subfield><subfield code="2">fast</subfield><subfield code="0">(OCoLC)fst00942100</subfield></datafield><datafield ind1=" " ind2="7" tag="651"><subfield code="a">United States.</subfield><subfield code="2">fast</subfield><subfield code="0">(OCoLC)fst01204155</subfield></datafield><datafield ind1=" " ind2=" " tag="752"><subfield code="a">United States</subfield><subfield code="b">Nebraska</subfield><subfield code="c">Douglas</subfield><subfield code="d">Omaha.</subfield></datafield><datafield ind1=" " ind2=" " tag="752"><subfield code="a">United States</subfield><subfield code="b">Illinois</subfield><subfield code="c">Cook</subfield><subfield code="d">Chicago.</subfield></datafield><datafield ind1="1" ind2="4" tag="780"><subfield code="t">Katholisches Wochenblatt</subfield><subfield code="w">(DLC)sn 83045312</subfield></datafield><datafield ind1="1" ind2="4" tag="780"><subfield code="t">Landmann (Milwaukee, Wis.)</subfield></datafield><datafield ind1="0" ind2="4" tag="785"><subfield code="t">America-Herold (Omaha, Neb.)</subfield><subfield code="w">(DLC)sn 83045824</subfield></datafield></record>